%% This BibTeX bibliography file was created using BibDesk.
%% http://bibdesk.sourceforge.net/


%% Created for Frank Steiler at 2014-11-03 14:54:09 +0100 


%% Saved with string encoding Unicode (UTF-8) 



@manual{Mongo:2014aa,
	Author = {MongoDB, Inc.},
	Date-Added = {2014-11-02 19:04:58 +0000},
	Date-Modified = {2014-11-02 19:15:10 +0000},
	Edition = {Release 2.6.4},
	Month = {09},
	Organization = {MongoDB, Inc.},
	Title = {MongoDB Documentation},
	Year = {2014}}
