%% This BibTeX bibliography file was created using BibDesk.
%% http://bibdesk.sourceforge.net/


%% Created for Frank Steiler at 2015-05-14 23:42:33 -0700 


%% Saved with string encoding Unicode (UTF-8) 



@book{ISO:2010aa,
	Address = {Geneva, Switzerland},
	Author = {ISO},
	Date-Added = {2015-05-15 06:38:43 +0000},
	Date-Modified = {2015-05-15 06:42:33 +0000},
	Institution = {International Organization for Standardization},
	Number = {9241\char"2012 210:2010},
	Title = {Ergonomics of human-system interaction -- Part 210: Human-centred design for interactive systems},
	Type = {Standard},
	Year = {2010}}

@misc{Gulzow:2015aa,
	Author = {Dr.-Ing. Thomas G{\"u}lzow},
	Date-Added = {2015-05-15 06:01:35 +0000},
	Date-Modified = {2015-05-15 06:02:44 +0000},
	Howpublished = {Presentation},
	Title = {Vorlesung Interaktive Systeme - Usability Engineering},
	Year = {2015}}

@book{Nielsen:1993aa,
	Author = {Jakob Nielsen},
	Date-Added = {2015-05-15 05:34:24 +0000},
	Date-Modified = {2015-05-15 05:34:52 +0000},
	Publisher = {Morgan Kaufmann},
	Title = {Usability engineering},
	Year = {1993}}

@techreport{Frank:2013aa,
	Author = {Dana Frank},
	Date-Added = {2015-05-15 05:29:57 +0000},
	Date-Modified = {2015-05-15 05:31:22 +0000},
	Institution = {Segue Technologies},
	Lastchecked = {14.5.2015},
	Title = {What is Usability and Why is it Important to Application Development?},
	Url = {http://www.wiso-meinverein.de/LeistungsuebersichtMeinVerein.pdf},
	Year = {2013}}

@manual{Buhl:2015ab,
	Date-Added = {2015-05-15 05:06:33 +0000},
	Date-Modified = {2015-05-15 05:08:14 +0000},
	Edition = {2015},
	Organization = {Buhl Data Service},
	Title = {Leistungs{\"u}bersicht WISO Mein Verein},
	Year = {2015}}

@webpage{Buhl:2015aa,
	Date-Added = {2015-05-15 05:02:25 +0000},
	Date-Modified = {2015-05-15 05:04:33 +0000},
	Institution = {Buhl Data Service},
	Lastchecked = {14.5.2015},
	Title = {Produkte},
	Url = {https://www.buhl.de/produkte/alle/page.html},
	Year = {2015}}

@webpage{Dahl:2011aa,
	Author = {Darren Dahl},
	Date-Added = {2015-05-07 16:21:12 +0000},
	Date-Modified = {2015-05-07 16:22:25 +0000},
	Lastchecked = {7.5.2015},
	Title = {10 Tips on How to Research Your Competition},
	Url = {http://www.inc.com/guides/201105/10-tips-on-how-to-research-your-competition.html},
	Year = {2011},
	Bdsk-Url-1 = {http://www.inc.com/guides/201105/10-tips-on-how-to-research-your-competition.html}}

@webpage{Hunter:2015aa,
	Author = {Micheal R. Hunter},
	Date-Added = {2015-05-07 15:20:09 +0000},
	Date-Modified = {2015-05-07 15:21:13 +0000},
	Title = {3 Reasons your competitors are your best friends},
	Url = {http://michaelrhunter.com/why-knowing-your-competition-is-important/},
	Year = {2015},
	Bdsk-Url-1 = {http://michaelrhunter.com/why-knowing-your-competition-is-important/}}

@webpage{Philips:2015aa,
	Author = {Stepen Philips},
	Date-Added = {2015-05-07 14:56:25 +0000},
	Date-Modified = {2015-05-07 14:58:31 +0000},
	Lastchecked = {7.5.2015},
	Title = {Keeping your eyes on the competition},
	Url = {http://www.marketingdonut.co.uk/marketing/market-research/market-analysis/keeping-your-eyes-on-the-competition},
	Year = {2015},
	Bdsk-Url-1 = {http://www.marketingdonut.co.uk/marketing/market-research/market-analysis/keeping-your-eyes-on-the-competition}}
